@inproceedings{part-reg,
  title={Prediction with partitioning: Big data analytics using regression techniques},
  author={Saritha, K and Abraham, Sajimon},
  booktitle={Networks \& Advances in Computational Technologies (NetACT), 2017 International Conference on},
  pages={208--214},
  year={2017},
  organization={IEEE},
  publisher={IEEE},
  address={Thiruvanthapuram, India, India}
}

@article{div-reg,
  title={A Divided Regression Analysis for Big Data},
  author={Jun, Sunghae and Lee, Seung-Joo and Ryu, Jea-Bok},
  journal={International Journal of Software Engineering and Its Applications},
  volume={9},
  number={5},
  pages={21--32},
  year={2015},
  publisher={International Journal of Software Engineering and Its Applications}
}

@article{dkr-reg,
  title={On the feasibility of distributed kernel regression for big data},
  author={Xu, Chen and Zhang, Yongquan and Li, Runze and Wu, Xindong},
  journal={IEEE Transactions on Knowledge and Data Engineering},
  volume={28},
  number={11},
  pages={3041--3052},
  year={2016},
  publisher={IEEE}
}

@inproceedings{log-reg,
  title={Performance evaluation of enabling logistic regression for big data with R},
  author={Huang, Ruizhu and Xu, Weijia},
  booktitle={Big Data (Big Data), 2015 IEEE International Conference on},
  pages={2517--2524},
  year={2015},
  organization={IEEE},
  publisher={IEEE},
  address={Santa Clara, CA, USA}
}
