% Encoding: UTF-8

@inproceedings{fu2016spark-p1,
  title={SPARK--A Big Data Processing Platform for Machine Learning},
  author={Fu, Jian and Sun, Junwei and Wang, Kaiyuan},
  booktitle={Industrial Informatics-Computing Technology, Intelligent Technology, Industrial Information Integration (ICIICII), 2016 International Conference on},
  pages={48--51},
  year={2016},
  organization={IEEE},
  publisher={IEEE},
  address={Wuhan, China}
}


@inproceedings{marcu2016spark-p2,
  title={Spark versus flink: Understanding performance in big data analytics frameworks},
  author={Marcu, Ovidiu-Cristian and Costan, Alexandru and Antoniu, Gabriel and P{\'e}rez-Hern{\'a}ndez, Mar{\'\i}a S},
  booktitle={Cluster Computing (CLUSTER), 2016 IEEE International Conference on},
  pages={433--442},
  year={2016},
  organization={IEEE},
  publisher={IEEE},
  address={Taipei, Taiwan}
}

@inproceedings{verma2016big-p3,
  title={Big data management processing with Hadoop MapReduce and spark technology: A comparison},
  author={Verma, Ankush and Mansuri, Ashik Hussain and Jain, Neelesh},
  booktitle={Colossal Data Analysis and Networking (CDAN), Symposium on},
  pages={1--4},
  year={2016},
  organization={IEEE},
  publisher={IEEE},
  address={Indore, India}
}

@Article{spark-j1,
  title={Big data analysis: Apache spark perspective},
  author={Shoro, Abdul Ghaffar and Soomro, Tariq Rahim},
  journal={Global Journal of Computer Science and Technology},
  pages={},
  volume={15},
  number={1},
  year={2015}
}

@Article{spark-j2,
  title={A Review Study of Apache Spark in Big Data Processing},
  author={Jonnalagadda, V Srinivas and Srikanth, P and Thumati, Krishnamachari and Nallamala, Sri Hari},
  journal={International Journal of Computer Science Trends and Technology},
  volume={4},
  number={3},
  pages={},
  year={2016}
}

@Misc{spark-a1,
  author = {Srini Penchikala},
  title  = {Big Data Processing with Apache Spark - Part 1},
  year   = {2015},
  month  = {01},
  url    = {https://www.infoq.com/articles/apache-spark-introduction},
}

@Misc{spark-a2,
  author = {DeZyre},
  title  = {Apache Spark Architecture Explained in Detail},
  year   = {2017},
  month  = {03},
  url    = {https://www.dezyre.com/article/apache-spark-architecture-explained-in-detail/338},
}

@Misc{spark-a3,
  author = {DeZyre},
  title  = {Apache Spark Ecosystem and Spark Components},
  year   = {2016},
  month  = {02},
  url    = {https://www.dezyre.com/article/apache-spark-ecosystem-and-spark-components/219},
}

@Misc{img-arch,
  author = {{{Apache Spark}}},
  title  = {Cluster Mode Overview},
  year  = {2017},
  url    = {http://spark.apache.org/docs/1.3.0/cluster-overview.html},
}

@Misc{img-echo,
  author = {{{KDnuggets}}},
  title  = {Top Spark Ecosystem Projects},
  year   = {2016},
  month  = {03},
  url    = {http://www.kdnuggets.com/2016/03/top-spark-ecosystem-projects.html},
}

@Comment{jabref-meta: databaseType:bibtex;}
